@inproceedings{10.1117/12.789262,
    author = {Alan Bridger and Bryan Butler},
    title = {{The ALMA/EVLA project data model: steps toward a common project description for astronomy}},
    volume = {7019},
    booktitle = {Advanced Software and Control for Astronomy II},
    editor = {Alan Bridger and Nicole M. Radziwill},
    organization = {International Society for Optics and Photonics},
    publisher = {SPIE},
    pages = {70190P},
    keywords = {Proposal Preparation, Observing Preparation, Project Data Model, ALMA, EVLA},
    year = {2008},
    doi = {10.1117/12.789262},
    URL = {https://doi.org/10.1117/12.789262}
}

@MISC{2018ivoa.spec.0910L,
    author = {{Lemson}, Gerard and {Laurino}, Omar and {Bourges}, Laurent and {Cresitello-Dittmar}, Mark and {Demleitner}, Markus and {Donaldson}, Tom and {Dowler}, Patrick and {Graham}, Matthew and {Gray}, Norman and {Michel}, Laurent and {Salgado}, Jesus},
    title = "{VO-DML: a consistent modeling language for IVOA data models Version 1.0}",
    howpublished = {IVOA Recommendation 10 September 2018},
    year = 2018,
    month = sep,
    pages = {910},
    doi = {10.5479/ADS/bib/2018ivoa.spec.0910L},
    URL = {https://ui.adsabs.harvard.edu/abs/2018ivoa.spec.0910L},
    adsnote = {Provided by the SAO/NASA Astrophysics Data System}
}

@INPROCEEDINGS{p103_adassxxxiv,
    author     = {{Walker}, D. and {England}, A. and {Green}, B. and {Harrison}, P.A.},
    booktitle     = {ADASS XXXIV},
    year     = 2024,
    editor     = {{DeMarco}, A. and {Said}, J.},
    volume     = {TBD},
    series     = {ASP Conf. Ser.},
    pages     = {999 TBD},
    publisher = "ASP",
    address   = "San Francisco",
}